@BOOK{Kirichenko,
	author = {Кириченко, Н. А.},
	title = {Принципы оптики},
	publisher = {МФТИ},
	address = {Москва},
	year = {2016},
	pagenum = {308},
	language = {russian}
}

@BOOK{Sivukhin:Mechanics,
	author = {Сивухин, Д.В.},
	title = {Общий курс физики. Т.1. Механика},
	edition = {5-e},
	publisher = {ФИЗМАТЛИТ},
	address = {Москва},
	year = {2010},
	pagenum = {560},
	language = {russian}
}

@BOOK{PrakOptics,
	author = {Максимычев, A.B. and Александров, Д.А. and Брюлёва, Н.С. и др.},
	title = {Лабораторный практикум по общей физике: Учебное пособие. В трех томах. Т. 2. Оптика},
	edition = {},
	publisher = {МФТИ},
	address = {Москва},
	year = {2014},
	pagenum = {446},
	language = {russian}
}